
@article{Yuksel2007,
   author       = {Cem Yuksel and Donald H. House and John Keyser},
   title        = {Wave Particles},
   journal      = {ACM Transactions on Graphics (Proceedings of SIGGRAPH 2007)},
   year         = {2007},
   volume       = {26},
   number       = {3},
   articleno    = {99},
   location     = {San Diego, California},
   url          = {http://doi.acm.org/10.1145/1276377.1276501},
   doi          = {10.1145/1276377.1276501},
   acmid        = {1276501},
   publisher    = {ACM Press},
   address      = {New York, NY, USA},
}

@article{Macklin2013,
    author        = {Miles Macklin and Matthias Müller},
    title         = {Position Based Fluids},
    journal       = {ACM Transactions on Graphics (SIGGRAPH 2013)},
    year          = {2013},
    volume        = {32},
    number        = {4},
    publisher     = {ACM Press},
}

@article{Tessendorf2001,
    author = {Jerry Tessendorf},
    title = {Simulating Ocean Water},
    year = {2001},
    journal = {ACM Transactions on Graphics (Proceedings of SIGGRAPH 2001)},
}

@article {Schlick94,
    author = {Christophe Schlick},
    title = {An Inexpensive BRDF Model for Physically-based Rendering},
    journal = {Computer Graphics Forum},
    volume = {13},
    number = {3},
    publisher = {Blackwell Science Ltd},
    issn = {1467-8659},
    url = {http://dx.doi.org/10.1111/1467-8659.1330233},
    doi = {10.1111/1467-8659.1330233},
    pages = {233--246},
    keywords = {Physically-Based Rendering, Bidirectional Reflectance Distribution Function, Optimization},
    year = {1994},
}

@inproceedings{StamFiume1995,
    author={Stam,Jos and Fiume,Eugene},
    editor={ },
    year={1995},
    title={Depicting fire and other gaseous phenomena using diffusion processes},
    booktitle={Proceedings of the ACM SIGGRAPH Conference on Computer Graphics},
    pages={129-135},
    language={English},
    url={www.scopus.com},
}

@article{Foster:1996:RAL:244304.244315,
    author = {Foster, Nick and Metaxas, Dimitri},
    title = {Realistic Animation of Liquids},
    journal = {Graph. Models Image Process.},
    issue_date = {Sept. 1996},
    volume = {58},
    number = {5},
    month = sep,
    year = {1996},
    issn = {1077-3169},
    pages = {471--483},
    numpages = {13},
    url = {http://dx.doi.org/10.1006/gmip.1996.0039},
    doi = {10.1006/gmip.1996.0039},
    acmid = {244315},
    publisher = {Academic Press, Inc.},
    address = {Orlando, FL, USA},
} 

@inproceedings{Stam:1999:SF:311535.311548,
    author = {Stam, Jos},
    title = {Stable Fluids},
    booktitle = {Proceedings of the 26th Annual Conference on Computer Graphics and Interactive Techniques},
    series = {SIGGRAPH '99},
    year = {1999},
    isbn = {0-201-48560-5},
    pages = {121--128},
    numpages = {8},
    url = {http://dx.doi.org/10.1145/311535.311548},
    doi = {10.1145/311535.311548},
    acmid = {311548},
    publisher = {ACM Press/Addison-Wesley Publishing Co.},
    address = {New York, NY, USA},
    keywords = {Navier-Stokes, advected textures, animation of fluids, gaseous phenomena, implicit elliptic PDE solvers, interactive modeling, stable solvers},
} 

@article{Gerstner1802,
    author = {Gerstner, F.J.},
    year = {1802},
    title = {Theorie der Wellen},
    journal = {Abhandlunger der Königlichen Böhmischen Geselschaft der Wissenschaften},
    location = {Prague},
}

@article{OchoaAndHolder2012,
    author        = {Carlos Gonzalez Ochoa and Doug Holder},
    title         = {Water Technology of Uncharted},
    journal       = {Games Developers Conference 2012},
    year          = {2012},
    publisher     = {UBM plc},
}

@article{SPH,
    author = {Monaghan, J. J.},
    year = {1992},
    title = {Smoothed Particle Hydrodynamics},
    journal = {Annual Review of Astronomy and Astrophysics},
}

@inproceedings{Irving:2006:ESL:1179352.1141959,
    author = {Irving, Geoffrey and Guendelman, Eran and Losasso, Frank and Fedkiw, Ronald},
    title = {Efficient Simulation of Large Bodies of Water by Coupling Two and Three Dimensional Techniques},
    booktitle = {ACM SIGGRAPH 2006 Papers},
    series = {SIGGRAPH '06},
    year = {2006},
    isbn = {1-59593-364-6},
    location = {Boston, Massachusetts},
    pages = {805--811},
    numpages = {7},
    url = {http://doi.acm.org/10.1145/1179352.1141959},
    doi = {10.1145/1179352.1141959},
    acmid = {1141959},
    publisher = {ACM},
    address = {New York, NY, USA},
    keywords = {Navier-Stokes equations, adaptive simulation, rivers, streams, water},
} 

@inproceedings{Tatarchuk:2016:ARR:2897826.2940291,
    author = {Tatarchuk, Natalya},
    title = {Advances in Real-time Rendering, Part I},
    booktitle = {ACM SIGGRAPH 2016 Courses},
    series = {SIGGRAPH '16},
    year = {2016},
    isbn = {978-1-4503-4289-6},
    location = {Anaheim, California},
    articleno = {2},
    url = {http://doi.acm.org/10.1145/2897826.2940291},
    doi = {10.1145/2897826.2940291},
    acmid = {2940291},
    publisher = {ACM},
    address = {New York, NY, USA},
}

@book{gameenginebook,
    author    = {Jason Gregory},
    title     = {Game Engine Architecture},
    edition   = {second},
    year      = {2014},
    publisher = {CRC Press},
    address   = {Boca Raton, Florida},
    ISBN      = {9781466560017},
}

@book{GPUGems,
    author = {Randima Fernando},
    title = {GPU Gems: Programming Techniques, Tips, and Tricks for Real-time Graphics},
    year = {2004},
    publisher = {Addison Wesley},
    ISBN = {9780321228321},
}

@book{RTR3,
    author = {Tomas Akenine-M\"{o}ller and Eric Haines and Naty Hoffman},
    title = {Real-Time Rendering 3rd Edition},
    year = {2008},
    pages = {1045},
    isbn = {987-1-56881-424-7},
    publisher = {A. K. Peters, Ltd.},
    address = {Natick, MA, USA},
 }

@misc{gamingmobydick,
   author      = {Zak Kotzer},
   title       = {Rendering Realistic Water Is Still Game Development's Moby Dick},
   year        = {2015},
   howpublished = {\url{http://motherboard.vice.com/read/rendering-realistic-water-is-still-game-developments-moby-dick}},
}

@misc{NavierStokes,
    title = {Navier-Stokes Equation},
    howpublished = {\url{http://www.claymath.org/millennium-problems/navier%E2%80%93stokes-equation}},
}

@misc{UnrealEngine,
    title = {What Is Unreal Engine 4?},
    howpublished = {\url{https://www.unrealengine.com/what-is-unreal-engine-4}},
}

@misc{blenderfluid,
   title        = {Fluid Simulation in Blender},
   howpublished = {\url{https://wiki.blender.org/index.php/Doc:2.4/Manual/Physics/Fluid}},
}

@misc{UnityComputeShaders,
   title     = {Compute Shaders in Unity},
   howpublished = {\url{https://docs.unity3d.com/Manual/ComputeShaders.html}},
}

@misc{UnityShaders,
   title     = {Shading Language used in Unity},
   howpublished = {\url{https://docs.unity3d.com/Manual/SL-ShadingLanguage.html}},
}

@misc{UnityScripts,
   title    = {Creating and Using Scripts in Unity},
   howpublished = {\url{https://docs.unity3d.com/Manual/CreatingAndUsingScripts.html}},
}

@misc{UnityVisualStudio,
    title        = {Visual Studio C\# integration},
    howpublished = {\url{https://docs.unity3d.com/Manual/VisualStudioIntegration.html}},
}

@misc{UnitySharpWins,
   author = {Aleksandr},
   title = {DOCUMENTATION, UNITY SCRIPTING LANGUAGES AND YOU},
   year = {2014},
   howpublished = {\url{https://blogs.unity3d.com/2014/09/03/documentation-unity-scripting-languages-and-you/}},
}

@misc{UnityProfiler,
    title = {Profiler Overview},
    howpublished = {\url{https://docs.unity3d.com/Manual/Profiler.html}},
}

@misc{FirewatchDF,
    author = {John Linneman},
    title = {Performance Analysis: Firewatch},
    howpublished = {\url{http://www.eurogamer.net/articles/digitalfoundry-2016-firewatch-ps4-analysis}},
    year = {2016},
}

@misc{WhyUnityNeogaf,
    title = {Why do so many developers use Unity?},
    howpublished = {\url{http://www.neogaf.com/forum/showthread.php?t=1192595}},
}

@misc{UnityProfilerDataExporter,
    author = {Stefano Di Palma},
    title = {Unity Profiler Data Exporter},
    howpublished = {\url{https://github.com/steve3003/unity-profiler-data-exporter}},
}

@misc{UnityBadThreading,
    year = {2015},
    title = {Unity 5 - Multithreading?},
    howpublished = {\url{http://answers.unity3d.com/questions/908054/unity-5-multithreading.html}},
}

@misc{MemoryManagementUnityGamaSutra,
    year = {2013},
    title = {C\# Memory Management for Unity Developers},
    author = {Wendelin Reich},
    howpublished = {\url{http://www.gamasutra.com/blogs/WendelinReich/20131109/203841/C_Memory_Management_for_Unity_Developers_part_1_of_3.php}},
}

@misc{UnityPerformanceTipsGamaSutra,
    year = {2016},
    author = {Elmar Talibzade},
    title = {Tips to boost your game performance in Unity Engine},
    howpublished = {\url{http://www.gamasutra.com/blogs/ElmarTalibzade/20160420/270827/Tips_to_boost_your_game_performance_in_Unity_Engine.php}},
}

@misc{UnityEditorTestRunner,
    title = {Editor Test Runner},
    howpublished = {\url{https://docs.unity3d.com/Manual/testing-editortestsrunner.html}},
}

@misc{CSharpIterationStructs,
    year = {2012},
    title = {Allowing iteration without generating any garbage},
    howpublished = {\url{http://stackoverflow.com/questions/5486654/allowing-iteration-without-generating-any-garbage}},
}

@misc{UnityForeachGarbageStack,
    year = {2015},
    title = {Every iteration of every “foreach” loop generated 24 Bytes of garbage memory?},
    howpublished = {\url{http://stackoverflow.com/questions/18718399/every-iteration-of-every-foreach-loop-generated-24-bytes-of-garbage-memory}},
}

@misc{CShaprForeachWithCollections,
    year = {2003},
    title = {Using foreach with Collections},
    howpublished = {\url{https://msdn.microsoft.com/en-us/library/aa288257(v=vs.71).aspx}},
}

@misc{DFPS4,
    year = {2013},
    title = {Spec Analysis: PlayStation 4},
    author = {Richard Leadbetter},
    howpublished = {\url{http://www.eurogamer.net/articles/df-hardware-spec-analysis-playstation-4}},
}

@misc{ARApplications,
    year = {2017},
    title = {Applications of Augmented Reality},
    author = {Tim Perdue},
    howpublished = {\url{https://www.lifewire.com/applications-of-augmented-reality-2495561}},
}

@misc{GamaSutra3DWater,
    year = {2014},
    title = {3D Water Effects: Here's What's Involved.},
    author = {Frank Kane},
    howpublished = {\url{http://www.gamasutra.com/blogs/FrankKane/20140122/209052/3D_Water_Effects_Heres_Whats_Involved.php}},
}

@misc{VRGrowth,
    year = {2017},
    title = {The reality of VR/AR growth},
    author = {Tim Merel},
    howpublished = {\url{https://techcrunch.com/2017/01/11/the-reality-of-vrar-growth/}},
}

@misc{DavidLiFFT,
    author = {David Li},
    howpublished = {\url{https://github.com/dli/waves}},
}

@misc{RenderDoc,
    title = {RenderDoc Website},
    howpublished = {\url{https://renderdoc.org/}},
}

@misc{StrategyPattern,
    title = {Strategy pattern},
    howpublished = {\url{https://en.wikipedia.org/wiki/Strategy_pattern}},
}

@misc{NoPointSpritesUnityOne,
    howpublished = {\url{https://forum.unity3d.com/threads/point-sprites.375204/}},
}

@misc{NoPointSpritesUnityTwo,
    howpublished = {\url{http://answers.unity3d.com/questions/199032/cg-shaders-in-unity-and-point-sprites.html}},
}

@misc{MoSCoWMethod,
    howpublished = {\url{https://en.wikipedia.org/wiki/MoSCoW_method}},
}

@misc{AMDHuma,
    title = {AMD’s “heterogeneous Uniform Memory Access” coming this year in Kaveri},
    author = {Peter Bright},
    howpublished = {\url{https://arstechnica.com/information-technology/2013/04/amds-heterogeneous-uniform-memory-access-coming-this-year-in-kaveri/}},
}

@misc{CNETSurfaceBookGPU,
    title = {Gaming on the Surface Book: What you need to know},
    author = {Dan Ackerman},
    howpublished = {\url{https://www.cnet.com/uk/news/gaming-on-the-surface-book-what-you-need-to-know/}},
}

@misc{HEXUSSurfaceBookGPU,
    title = {Microsoft Surface Book Nvidia GeForce GPU details emerge},
    author = {Mark Tyson},
    howpublished = {\url{http://hexus.net/tech/news/laptop/87353-microsoft-surface-book-nvidia-geforce-gpu-details-emerge/}},
}

@misc{UnityObjectPooling,
    title = {Object Pooling},
    howpublished = {\url{https://unity3d.com/learn/tutorials/topics/scripting/object-pooling}},
}

@misc{UnrealEngineSourceCode,
    title = {UE4 on GitHub},
    howpublished = {\url{https://www.unrealengine.com/ue4-on-github},}
}

@misc{UnrealEngineShaders,
    title = {Writing shaders for UE4, where do I start?},
    howpublished = {\url{https://forums.unrealengine.com/showthread.php?97053-Writing-shaders-for-UE4-where-do-I-start}},
}

@misc{NumPy,
    title = {NumPy},
    howpublished = {\url{http://www.numpy.org/}},
}

@misc{pandas,
    title = {pandas},
    howpublished = {\url{http://pandas.pydata.org/}},
}

@misc{Matplotlib,
    title = {Matplotlib},
    howpublished = {\url{https://matplotlib.org/}},
}

@misc{TravisCILanguages,
    title = {Travis CI Languages},
    howpublished = {\url{https://docs.travis-ci.com/user/languages/}},
}

@misc{TravisCIOS,
    title = {Travis CI Testing Your Projet on Multiple Operating Systems},
    howpublished = {\url{https://docs.travis-ci.com/user/multi-os/}}
}

@misc{NoPointSpritesWorkaround,
    title = {Multiple Ways to Render Point Sprites in DX11},
    howpublished = {\url{https://blogs.msdn.microsoft.com/ivanne/2012/01/04/multiple-ways-to-render-point-sprites-in-dx11/}},
}

@misc{GPUComparison,
    title = {Compare Nvidia GTX 940m VS Nvidia GeForce 7900 GTX},
    howpublished = {\url{http://gpu.userbenchmark.com/Compare/Nvidia-GTX-940M-vs-Nvidia-GeForce-7900-GTX/m28796vsm10625}},
}

@misc{GameMakerStudio,
    title = {Game Maker Studio},
    howpublished = {\url{https://www.yoyogames.com/gamemaker}},
}

@misc{SpiralModel,
    title = {Spiral model},
    howpublished = {\url{https://en.wikipedia.org/wiki/Spiral_model}},
}

@misc{WaterfallModel,
    title = {Waterfall model},
    howpublished = {\url{https://en.wikipedia.org/wiki/Waterfall_model}},
}